@misc{yang2017kmeansfriendly,
      title={Towards K-means-friendly Spaces: Simultaneous Deep Learning and Clustering}, 
      author={Bo Yang and Xiao Fu and Nicholas D. Sidiropoulos and Mingyi Hong},
      year={2017},
      eprint={1610.04794},
      archivePrefix={arXiv},
      primaryClass={cs.LG}
}

@inproceedings{dbscan,
author = {Ester, Martin and Kriegel, Hans-Peter and Sander, J\"{o}rg and Xu, Xiaowei},
title = {A Density-Based Algorithm for Discovering Clusters in Large Spatial Databases with Noise},
year = {1996},
publisher = {AAAI Press},
booktitle = {Proceedings of the Second International Conference on Knowledge Discovery and Data Mining},
pages = {226–231},
numpages = {6},
keywords = {arbitrary shape of clusters, handling nlj4-275oise, clustering algorithms, efficiency on large spatial databases},
location = {Portland, Oregon},
series = {KDD'96}
}


@article{Aaltonen:2013as,
    author = "{CDF Collaboration}",
    collaboration = "CDF",
    title = "{Search for $B_s^0 \rightarrow \mu^{+}\mu^{-}$ and $B^0 \rightarrow \mu^{+}\mu^{-}$ decays with the full CDF Run II data set}",
    eprint = "1301.7048",
    archivePrefix = "arXiv",
    primaryClass = "hep-ex",
    reportNumber = "FERMILAB-PUB-13-034",
    doi = "10.1103/PhysRevD.87.072003",
    journal = "Phys. Rev. D",
    volume = "87",
    number = "7",
    pages = "072003",
    year = "2013",
    note = "[Erratum: Phys.Rev.D 97, 099901 (2018)]"
}

@article{Aaltonen:2011fi,
    author = "{CDF Collaboration}",
    collaboration = "CDF",
    title = "{Search for $B_s^0 \to  \mu^+ \mu^-$ and $B^0 \to  \mu^+ \mu^-$ Decays with CDF II}",
    eprint = "1107.2304",
    archivePrefix = "arXiv",
    primaryClass = "hep-ex",
    reportNumber = "FERMILAB-PUB-11-315-E-PPD",
    doi = "10.1103/PhysRevLett.107.191801",
    journal = "Phys. Rev. Lett.",
    volume = "107",
    pages = "191801",
    year = "2011",
    note = "[Addendum: Phys.Rev.Lett. 107, 239903 (2011)]"
}
@techreport{atlasgan,
      title         = "{Deep generative models for fast shower simulation in
                       ATLAS}",
      institution   = "CERN",
      collaboration = "{ATLAS Collaboration}",
      address       = "Geneva",
      number        = "ATL-SOFT-PUB-2018-001",
      month         = "Jul",
      year          = "2018",
      reportNumber  = "ATL-SOFT-PUB-2018-001",
      url           = "https://cds.cern.ch/record/2630433",
}
@article{calogan,
    author = "Paganini, Michela and de Oliveira, Luke and Nachman, Benjamin",
    title = "{CaloGAN : Simulating 3D high energy particle showers in multilayer electromagnetic calorimeters with generative adversarial networks}",
    eprint = "1712.10321",
    archivePrefix = "arXiv",
    primaryClass = "hep-ex",
    doi = "10.1103/PhysRevD.97.014021",
    journal = "Phys. Rev. D",
    volume = "97",
    number = "1",
    pages = "014021",
    year = "2018"
}

@incollection{NEURIPS2019_9015,
title = {PyTorch: An Imperative Style, High-Performance Deep Learning Library},
author = {Paszke, Adam and Gross, Sam and Massa, Francisco and Lerer, Adam and Bradbury, James and Chanan, Gregory and Killeen, Trevor and Lin, Zeming and Gimelshein, Natalia and Antiga, Luca and Desmaison, Alban and Kopf, Andreas and Yang, Edward and DeVito, Zachary and Raison, Martin and Tejani, Alykhan and Chilamkurthy, Sasank and Steiner, Benoit and Fang, Lu and Bai, Junjie and Chintala, Soumith},
booktitle = {Advances in Neural Information Processing Systems 32},
editor = {H. Wallach and H. Larochelle and A. Beygelzimer and F. d\textquotesingle Alch\'{e}-Buc and E. Fox and R. Garnett},
pages = {8024--8035},
year = {2019},
publisher = {Curran Associates, Inc.},
}

@misc{tensorflow2015-whitepaper,
title={ {TensorFlow}: Large-Scale Machine Learning on Heterogeneous Systems},
url={https://www.tensorflow.org/},
note={Software available from tensorflow.org},
author={
    Mart\'{\i}n~Abadi et al.},
  year={2015},
}

@article{SMEFT1,
  title = {Baryon- and Lepton-Nonconserving Processes},
  author = {Weinberg, Steven},
  journal = {Phys. Rev. Lett.},
  volume = {43},
  issue = {21},
  pages = {1566--1570},
  numpages = {0},
  year = {1979},
  month = {Nov},
  publisher = {American Physical Society},
  doi = {10.1103/PhysRevLett.43.1566},
}

@article{SMEFT2,
title = "Effective lagrangian analysis of new interactions and flavour conservation",
journal = "Nuclear Physics B",
volume = "268",
number = "3",
pages = "621 - 653",
year = "1986",
doi = "https://doi.org/10.1016/0550-3213(86)90262-2",
author = "W. Buchmüller and D. Wyler",
}

@article{SMEFT3,
    author = "Leung, Chung Ngoc and Love, S. T. and Rao, S.",
    title = "{Low-Energy Manifestations of a New Interaction Scale: Operator Analysis}",
    reportNumber = "FERMILAB-PUB-84-074-T",
    doi = "10.1007/BF01588041",
    journal = "Z. Phys. C",
    volume = "31",
    pages = "433",
    year = "1986"
}
@techreport{computingCDR,
      author        = "Calafiura, P and Catmore, J and Costanzo, D and Di
                       Girolamo, A",
      title         = "{ATLAS HL-LHC Computing Conceptual Design Report}",
      institution   = "CERN",
      address       = "Geneva",
      number        = "CERN-LHCC-2020-015. LHCC-G-178",
      month         = "Sep",
      year          = "2020",
      reportNumber  = "CERN-LHCC-2020-015",
      url           = "https://cds.cern.ch/record/2729668",
}

@techreport{hcw2018,
      author        = "Dattagupta, A and Majersky, O and Nachman, B ",
      title         = "{X*-tagging performance in data}",
      address       = "Heidelberg",
      year          = "2018",
      url           = "https://indico.cern.ch/event/711895/sessions/276119/",
}
@techreport{larTDR,
      author        = "Aleksa, M and Cleland, W  and Enari, Y
                        and Fincke-Keeler, M  and Hervas, L
                        and Lanni, F  and Majewski, S  and
                       Marino, C  and Wingerter-Seez, I ",
      title         = "{ATLAS Liquid Argon Calorimeter Phase-I Upgrade Technical
                       Design Report}",
      number        = "CERN-LHCC-2013-017. ATLAS-TDR-022",
      month         = "Sep",
      year          = "2013",
      reportNumber  = "CERN-LHCC-2013-017",
      url           = "https://cds.cern.ch/record/1602230",
      note          = "Final version presented to December 2013 LHCC.",
}
@article{nrr,
	author = {{Muskinja, Miha} and {Chapman, John Derek} and {Gray, Heather}},
	title = {Geant4 performance optimization in the ATLAS experiment},
	DOI= "10.1051/epjconf/202024502036",
	journal = {EPJ Web Conf.},
	year = 2020,
	volume = 245,
	pages = "02036",
}
@techreport{mdn,
title = "Mixture density networks",
author = "Bishop, {Christopher M.}",
year = "1994",
publisher = "Aston University",
type = "Technical Report",
institution = "Aston University",
}

@article{bnn,
  author = {MacKay, David J. C.},
  journal = {Neural Comput.},
  number = 3,
  pages = {448-472},
  title = {A Practical Bayesian Framework for Backpropagation Networks.},
  volume = 4,
  year = 1992
}


@article{deephyper1,
  author={Prasanna Balaprakash and Michael A. Salim and Thomas D. Uram and Venkat Vishwanath and Stefan M. Wild},
  title={DeepHyper: Asynchronous Hyperparameter Search for Deep Neural Networks},
  journal={25th IEEE Int. Conf. High Perform. Comput.},
  publisher={IEEE},
  year={2018},
  doi={10.1109/HiPC.2018.00014}
}


@article{deephyper2,
   title={Scalable reinforcement-learning-based neural architecture search for cancer deep learning research},
   ISBN={9781450362290},
   DOI={10.1145/3295500.3356202},
   journal={Proc. Int. Conf. High Perform. Comput., Netw., Storage and Anal.},
   publisher={ACM},
   author={Balaprakash, Prasanna and Egele, Romain and Salim, Misha and Wild, Stefan and Vishwanath, Venkatram and Xia, Fangfang and Brettin, Tom and Stevens, Rick},
   year={2019},
   month={Nov}
}

@article{higgsKaggle,
   title={Searching for exotic particles in high-energy physics with deep learning},
   volume={5},
   DOI={10.1038/ncomms5308},
   number={1},
   journal={Nat. Commun.},
   publisher={Springer Science and Business Media LLC},
   author={Baldi, P. and Sadowski, P. and Whiteson, D.},
   year={2014},
   pages={4308},
   month={Jul}
}

@article{Tibishirani,
  author = {Tibshirani, Robert and Guenther, Walther and Hastie., Trevor},
  journal = {. J. R. Stat. Soc. B},
  pages = {411-423},
  title = {Estimating the Number of Clusters in a Data Set via the Gap Statistic},
  year = {2001}
}

@article{stopEarlyRun2,
   title={Search for a scalar partner of the top quark in the jets plus missing transverse momentum final state at $\sqrt{s}=13$ TeV with the ATLAS detector},
   volume={2017},
   DOI={10.1007/jhep12(2017)085},
   number={12},
   journal={JHEP},
   publisher={Springer Science and Business Media LLC},
   author="{ATLAS Collaboration}",
   year={2017},
   month={Dec},
   eprint = "1709.04183",
   archivePrefix = "arXiv",
   primaryClass = "hep-ex",
}

@article{CMS_pMSSM,
   title={Phenomenological MSSM interpretation of CMS searches in pp collisions at $\sqrt{s}=7$ and 8 TeV},
   volume={2016},
   DOI={10.1007/jhep10(2016)129},
   number={10},
   journal={JHEP},
   publisher={Springer Science and Business Media LLC},
   author="{CMS Collaboration}",
   year={2016},
   month={Oct},
   eprint = "1606.03577",
   archivePrefix = "arXiv",
   primaryClass = "hep-ex",
}

@article{ATLAS_pMSSM,
   title={Summary of the ATLAS experiment's sensitivity to supersymmetry after LHC Run 1 — interpreted in the phenomenological MSSM},
   volume={2015},
   DOI={10.1007/jhep10(2015)134},
   number={10},
   journal={JHEP},
   publisher={Springer Science and Business Media LLC},
   author="{ATLAS Collaboration}",
   year={2015},
   month={Oct},
   eprint = "1508.06608",
    archivePrefix = "arXiv",
    primaryClass = "hep-ex",
}

@ARTICLE{kmeans,
  author={S. {Lloyd}},
  journal={IEEE Trans. Inf. Theory}, 
  title={Least squares quantization in PCM}, 
  year={1982},
  volume={28},
  number={2},
  pages={129-137},
  doi={10.1109/TIT.1982.1056489}
  }
@inproceedings{MacQueen1967SomeMF,
  title={Some methods for classification and analysis of multivariate observations},
  author={James B. MacQueen},
  year={1967}
}
@article{Djouadi_2007,
   title={SuSpect: A Fortran code for the Supersymmetric and Higgs particle spectrum in the MSSM},
   volume={176},
   DOI={10.1016/j.cpc.2006.11.009},
   number={6},
   journal={Comp. Phys. Commun.},
   publisher={Elsevier BV},
   author={Djouadi, Abdelhak and Kneur, Jean-Loïc and Moultaka, Gilbert},
   year={2007},
   month={Mar},
   pages={426–455}
}

@techreport{ATL-SOFT-PUB-2018-002,
      title         = "{The new Fast Calorimeter Simulation in ATLAS}",
      institution   = "CERN",
      author = "{ATLAS Collaboration}",
      month         = "Jul",
      year          = "2018",
      reportNumber  = "ATL-SOFT-PUB-2018-002",
      url           = "http://cds.cern.ch/record/2630434",
}

@article{stop0L_3,
    author = "{ATLAS Collaboration}",
    collaboration = "ATLAS",
    title = "{Search for a scalar partner of the top quark in the all-hadronic $t{\bar{t}}$ plus missing transverse momentum final state at $\sqrt{s}=13$~TeV with the ATLAS detector}",
    eprint = "2004.14060",
    archivePrefix = "arXiv",
    primaryClass = "hep-ex",
    reportNumber = "CERN-EP-2020-044",
    doi = "10.1140/epjc/s10052-020-8102-8",
    journal = "Eur. Phys. J. C",
    volume = "80",
    number = "8",
    pages = "737",
    year = "2020"
}

@article{stop0L_2,
    author = "{ATLAS Collaboration}",
    collaboration = "ATLAS",
    title = "{Search for a scalar partner of the top quark in the jets plus missing transverse momentum final state at $\sqrt{s}$=13 TeV with the ATLAS detector}",
    eprint = "1709.04183",
    archivePrefix = "arXiv",
    primaryClass = "hep-ex",
    reportNumber = "CERN-EP-2017-162",
    doi = "10.1007/JHEP12(2017)085",
    journal = "JHEP",
    volume = "12",
    pages = "085",
    year = "2017"
}

@article{stop0L_1,
        author = "{ATLAS Collaboration}",
    collaboration = "ATLAS",
    title = "{Search for direct pair production of the top squark in all-hadronic final states in proton-proton collisions at $\sqrt{s}=8$ TeV with the ATLAS detector}",
    eprint = "1406.1122",
    archivePrefix = "arXiv",
    primaryClass = "hep-ex",
    reportNumber = "CERN-PH-EP-2014-112",
    doi = "10.1007/JHEP09(2014)015",
    journal = "JHEP",
    volume = "09",
    pages = "015",
    year = "2014"
}
@article{stopRun1,
   author = "{ATLAS Collaboration}",
    collaboration = "ATLAS",
    title = "{ATLAS Run 1 searches for direct pair production of third-generation squarks at the Large Hadron Collider}",
    eprint = "1506.08616",
    archivePrefix = "arXiv",
    primaryClass = "hep-ex",
    reportNumber = "CERN-PH-EP-2015-138",
    doi = "10.1140/epjc/s10052-015-3726-9",
    journal = "Eur. Phys. J. C",
    volume = "75",
    number = "10",
    pages = "510",
    year = "2015",
    note = "[Erratum: Eur.Phys.J.C 76, 153 (2016)]"
}

@article{Agostinelli:2002hh,
      author         = "Agostinelli, S. and others",
      title          = "{\textsc{Geant4}---a simulation toolkit}",
      journal        = "Nucl. Instrum. Meth. A",
      volume         = "506",
      year           = "2003",
      pages          = "250",
      doi            = "10.1016/S0168-9002(03)01368-8",
      reportNumber   = "SLAC-PUB-9350, FERMILAB-PUB-03-339",
      SLACcitation   = "%%CITATION = NUIMA,A506,250;%%"
}

@article{Berger:2008cq,
      author         = "Berger, Carola F. and Gainer, James S. and Hewett, JoAnne L. and Rizzo, Thomas G.",
      title          = "{Supersymmetry Without Prejudice}",
      journal        = "JHEP",
      volume         = "02",
      year           = "2009",
      pages          = "023",
      doi            = "10.1088/1126-6708/2009/02/023",
      eprint         = "0812.0980",
      archivePrefix  = "arXiv",
      primaryClass   = "hep-ph",
      reportNumber   = "MIT-CTP-3988, SLAC-PUB-13388",
      SLACcitation   = "%%CITATION = ARXIV:0812.0980;%%"
}

@article{Cahill_Rowley_2012,
   title={The new look pMSSM with neutralino and gravitino LSPs},
   volume={72},
   DOI={10.1140/epjc/s10052-012-2156-1},
   number={9},
   journal={Eur. Phys. J. C},
   publisher={Springer Science and Business Media LLC},
   author={Cahill-Rowley, Matthew W. and Hewett, JoAnne L. and Hoeche, Stefan and Ismail, Ahmed and Rizzo, Thomas G.},
   year={2012},
   month={Sep},
   pages          = "2156",
   eprint         = "1206.4321",
   archivePrefix  = "arXiv",
   primaryClass   = "hep-ph",
}
